<record xmlns:xsi="http://www.w3.org/2001/XMLSchema-instance" xmlns="http://www.loc.gov/MARC21/slim" xsi:schemaLocation="http://www.loc.gov/MARC21/slim http://www.loc.gov/standards/marcxml/schema/MARC21slim.xsd">

  <leader>     nam a22     7a 4500</leader>
  <datafield tag="999" ind1=" " ind2=" ">
    <subfield code="c">3458</subfield>
    <subfield code="d">3458</subfield>
  </datafield>
  <controlfield tag="008">171027b2017    cr ||||| |||| 00| | spa d</controlfield>
  <datafield tag="090" ind2=" " ind1=" ">
    <subfield code="a">06.04.12</subfield>
    <subfield code="b">2434</subfield>
  </datafield>
  <datafield tag="245" ind1="1" ind2="0">
    <subfield code="a">Sistematización de la experiencia del proceso de ejecución del proyecto PROEDUCA, sustentado en el análisis de la información disponible /</subfield>
    <subfield code="c">PROEDUCA</subfield>
  </datafield>
  <datafield ind1=" " ind2=" " tag="260">
    <subfield code="a">San José, Costa Rica :</subfield>
    <subfield code="b">PROEDUCA,</subfield>
    <subfield code="c">2017</subfield>
  </datafield>
  <datafield tag="300" ind1=" " ind2=" ">
    <subfield code="a">132 páginas;</subfield>
    <subfield code="b">ilustraciones</subfield>
  </datafield>
  <datafield ind2="4" ind1="1" tag="650">
    <subfield code="9">1454</subfield>
    <subfield code="a">DESERCIÓN ESCOLAR </subfield>
  </datafield>
  <datafield ind2="4" ind1="1" tag="650">
    <subfield code="9">456</subfield>
    <subfield code="a">EDUCACIÓN SECUNDARIA</subfield>
  </datafield>
  <datafield ind2="0" ind1=" " tag="650">
    <subfield code="9">3258</subfield>
    <subfield code="a">PROYECTO PROEDUCA</subfield>
  </datafield>
  <datafield tag="942" ind2=" " ind1=" ">
    <subfield code="2">z</subfield>
    <subfield code="c">01</subfield>
  </datafield>
</record>